@article{istiak2023adoption,
  title={Adoption of Unmanned Aerial Vehicle (UAV) imagery in agricultural management: A systematic literature review},
  author={Istiak, Md Abrar and Syeed, MM Mahbubul and Hossain, Md Shakhawat and Uddin, Mohammad Faisal and Hasan, Mahady and Khan, Razib Hayat and Azad, Nafis Saami},
  journal={Ecological Informatics},
  pages={102305},
  year={2023},
  publisher={Elsevier}
}


@article{hunt2018good,
  title={What good are unmanned aircraft systems for agricultural remote sensing and precision agriculture?},
  author={Hunt Jr, E Raymond and Daughtry, Craig ST},
  journal={International journal of remote sensing},
  volume={39},
  number={15-16},
  pages={5345--5376},
  year={2018},
  publisher={Taylor \& Francis}
}


@article{liu2021boost,
  title={Boost precision agriculture with unmanned aerial vehicle remote sensing and edge intelligence: A survey},
  author={Liu, Jia and Xiang, Jianjian and Jin, Yongjun and Liu, Renhua and Yan, Jining and Wang, Lizhe},
  journal={Remote Sensing},
  volume={13},
  number={21},
  pages={4387},
  year={2021},
  publisher={MDPI}
}

@article{zhang2021review,
  title={A review of unmanned aerial vehicle low-altitude remote sensing (UAV-LARS) use in agricultural monitoring in China},
  author={Zhang, Haidong and Wang, Lingqing and Tian, Ting and Yin, Jianghai},
  journal={Remote Sensing},
  volume={13},
  number={6},
  pages={1221},
  year={2021},
  publisher={MDPI}
}


@misc{deutsch2020anomaly,
  author       = {Deutsch, D.},
  title        = {Machine Learning Basics - Part 4 - Anomaly Detection, Recommender Systems and Scaling},
  year         = {2020},
  month        = sep,
  day          = {27},
  howpublished = {Medium},
  note         = {Verkregen mei 18, 2023},
  url          = {https://towardsdatascience.com/machine-learning-basics-part-4-anomaly-detection-recommender-systems-and-scaling-b8bbf0413aa9}
}

@misc{hestisholihah2023hyperparameter,
  author       = {Hestisholihah},
  title        = {Hyperparameter Tuning Showdown: Grid Search vs. Random Search â€” Which is the Ultimate Winner?},
  year         = {2023},
  month        = jun,
  day          = {19},
  howpublished = {Medium},
  url          = {https://medium.com/@hestisholihah01/hyperparameter-tuning-showdown-grid-search-vs-random-search-which-is-the-ultimate-winner-5927b322e54d}
}



